@online{格式,
    author={“冯如杯”竞赛组委会},
    title={第二十九届“冯如杯”学生学术科技作品竞赛论文撰写格式规范},
    url={https://github.com/Somedaywilldo/Someday-XeLaTex-Template}
}